%% This BibTeX bibliography file was created using BibDesk.
%% http://bibdesk.sourceforge.net/


%% Created for Seth at 2012-04-03 11:35:05 -0700 


%% Saved with string encoding Unicode (UTF-8) 

@book{PLRM,
 author = "{Adobe Systems}",
 title = {PostScript Language Reference Manual},
 year = {1985},
 isbn = {0201101742},
 edition = {\nth{1}},
 publisher = {Addison-Wesley Longman Publishing Co., Inc.},
 @address = {Boston, MA, USA},
} 

@book{Type1-Spec,
 author = "{Adobe Systems}",
 title = {Adobe Type 1 Font Format},
 year = {1992},
 isbn = {0201608545},
 edition = {\nth{2}},
 publisher = {Addison-Wesley Longman Publishing Co., Inc.},
 @address = {Boston, MA, USA},
} 

@book{DisplayPostScript,
 author = "{Adobe Systems}",
 year = {1993},
 title = {Display PostScript System--Introduction: Perspective for Software Developers},
 url = {\url{http://partners.adobe.com/public/developer/en/ps/sdk/DPS.refmanuals.INTRO.pdf}},
}

@book{SWF-File-Format,
 author = "{Adobe Systems}",
 year = {2008},
 @year = {2006-2008},
 title = {SWF File Format Specification, version 10},
}

@book{PDF-Spec,
 author = "{Adobe Systems}",
 year = {2008},
 title = {Document management--Portable document format--Part 1: PDF 1.7},
 note = {Also published as ISO 3200},
 url = {\url{http://www.adobe.com/content/dam/Adobe/en/devnet/acrobat/pdfs/PDF32000_2008.pdf}},
}

% Generated at www.see-out.com/sandramau/bibpat.html on 11/08/12 10:44:28 CDT
%author = {Kurt Akeley, Union city CA and James Foran, Milpitas CA},
@misc{Kurt:1995:ieeestyle,
 author = {Akeley, Kurt and Foran, James},
 title = {Apparatus and method for controlling storage of display information in a computer system},
 year = {1995},
 @month = {02},
 day = {28},
 number = {US 5394170},
 note = {US Patent 5,394,170},
 version = {},
 type = {Patent},
 nationality = {US},
 url = {http://www.patentlens.net/patentlens/patent/US_5394170/en/},
 filing_num = {07990750},
 yearfiled = {1992},
 monthfiled = {12},
 dayfiled = {15},
 pat_refs = {US 4425559 (Jan, 1984) Sherman 340/747; US 4491836 (Jan, 1985) Collmeyer et al. 340/747; US 4725831 (Feb, 1988) Coleman 340/747; US 4763119 (Aug, 1988) Matsubara et al. 340/747; US 4816814 (Mar, 1989) Lumelsky 340/747; US 4849745 (Jul, 1989) Satou 340/723; US 4906986 (Mar, 1990) Takeda 340/799; US 4943801 (Jul, 1990) Oguchi 340/723; US 4951232 (Aug, 1990) Hannah 364/522; US 4979130 (Dec, 1990) Li et al. 364/518; US 5031114 (Jul, 1991) Yamagami 364/518; US 5266941 (Nov, 1993) Akeley et al. 345/201},
 IPC_class = {G09G  116},
 US_class = {345/133; 345/189; 345/201},
 abstract = {A method and apparatus for controlling the storage of display information into a frame buffer is disclosed. A memory means is provided for storing information for controlling the storage of display information into the frame buffer where the memory means contains a plurality of locations each of which corresponds to and controls the storing of display information in one location of the frame buffer. A pass/fail ALU is coupled to the memory means to obtain a value for a particular pixel; this ALU provides a signal indicative of one of a first or second state which state indicates whether storage of display information to the frame buffer will occur. A first function is stored in a register, which function specifies the first signal. A first storage register and a second storage register store a second function and a third function respectively and provide a second value and a third respectively. The second value or third value is stored as a new value in the first memory for said first pixel location depending upon the state indicated by tile first signal. An application of the method and device of the invention includes a method for generating hollow polygons having an interior region and a perimeter in said frame buffer for display on said display device.},
}

@misc{TextureBarrier,
 author = {Jeff Bolz},
 title = "{\tt NV\_texture\_barrier}",
 year = {2009},
 note = {\\ \urlwofont{http://www.opengl.org/registry/specs/NV/texture_barrier.txt}},
}

@misc{Cairo,
 author = {CairoGraphics.org},
 year = {2012},
 title = {Cairo: A Vector Graphics Library},
}

 % title ={Ars Magna or The Rules of Algebra, 1545},
 % editor ={T. Richard Witmer},
 % publisher ={MIT},
 % year = {1968},
@book{Cardano,
 author ={Girolamo Cardano},
 title ={Artis magnae sive de regulis algebraicis, liber unus},
 year = {1545},
}

@inproceedings{Chen:2011:THC:1950815.1950840,
 author = {Chen, Shuo-Hung and Lin, Hsiao-Mei and Hsieh, Ching-Chou and Huang, Chih-Tsun and Liou, Jing-Jia and Chung, Yeh-Ching},
 title = {TurboVG: a HW/SW co-designed multi-core openVG accelerator for vector graphics applications with embedded power profiler},
 booktitle = {Proceedings of the \nth{16} Asia and South Pacific Design Automation Conference},
 series = {ASPDAC '11},
 year = {2011},
 isbn = {978-1-4244-7516-2},
 location = {Yokohama, Japan},
 pages = {97--98},
 numpages = {2},
 url = {http://dl.acm.org/citation.cfm?id=1950815.1950840},
 acmid = {1950840},
 publisher = {IEEE Press},
 @address = {Piscataway, NJ, USA},
} 

@book{CSS-Spec,
 author = "{CSS Working Group}",
 editor = {Bos, B., et al. (editors)},
 year = {2011},
 title = {Cascading Style Sheets Level 2 Revision 1 (CSS 2.1) Specification, W3C Recommendation},
 url = {http://www.w3.org/TR/CSS21/fonts.html},
}

@book{XPS-Spec,
 author = "{ECMA International}",
 year = {2009},
 title = {Standard ECMA-388: Open XML Paper Specification},
 url = {http://www.ecma-international.org/publications/standards/Ecma-388.htm},
}

@inproceedings{625138,
 author={Fabris, A.E. and Silva, L. and Forrest, A.R.},
 booktitle={Proceedings of X Brazilian Symposium on Computer Graphics and Image Processing},
 title={An efficient filling algorithm for non-simple closed curves using the point containment paradigm},
 year={1997},
 month={oct},
 volume={},
 number={},
 pages={2 -9},
 keywords={complex geometries;filling algorithm;mathematically defined shape;non simple closed curves;point containment algorithms;point containment paradigm;point containment predicate;quadratic time complexity;raster graphics;self intersecting closed curves;computational geometry;curve fitting;},
 doi={10.1109/SIGRA.1997.625138},
 ISSN={},
}

@article{Farouki1990101,
 author = "R.T. Farouki and C.A. Neff",
 title = "Algebraic properties of plane offset curves",
 journal = "Computer Aided Geometric Design",
 volume = "7",
 @number = "1--4",
 pages = "101--127",
 year = "1990",
 note = "",
 issn = "0167-8396",
 doi = "10.1016/0167-8396(90)90024-L",
 url = "http://www.sciencedirect.com/science/article/pii/016783969090024L",
 keywords = "Offsets",
 keywords = "algebraic curves",
 keywords = "implicit equations",
 keywords = "singular points",
 keywords = "self-intersections"
}

@article{iMX35,
 author="{FreeScale, Multimedia Applications Division}",
 year = {2010},
 title = "{i.MX35} Accelerated {2D} Graphics: Optimizing {2D} Graphics with {OpenVG} and {i.MX35}, application note, doc. \# AN3975",
 url = {http://cache.freescale.com/files/dsp/doc/app_note/AN3975.pdf},
}

@book{NeWS-Book,
 author = {Gosling, James and Rosenthal, David S. H. and Arden, Michele J.},
 title = {The NeWS book: an introduction to the network/extensible window system},
 year = {1989},
 isbn = {0-387-96915-2},
 publisher = {Springer-Verlag},
 @address = {New York, NY, USA},
} 

@article{Hobby:1989:RCC:62044.62045,
 author = {Hobby, John D.},
 title = {Rasterizing curves of constant width},
 journal = {J. ACM},
 issue_date = {April 1989},
 volume = {36},
 number = {2},
 month = apr,
 year = {1989},
 issn = {0004-5411},
 pages = {209--229},
 numpages = {21},
 url = {http://doi.acm.org/10.1145/62044.62045},
 doi = {10.1145/62044.62045},
 acmid = {62045},
 @publisher = {ACM},
 @address = {New York, NY, USA},
} 

@inproceedings{Huang:2006:IOR:1169227.1169771,
 author = {Huang, Ren and Chae, Soo-Ik},
 title = "Implementation of an {OpenVG} Rasterizer with Configurable Anti-Aliasing and Multi-Window Scissoring",
 booktitle = {Proceedings of the \nth{6} IEEE International Conference on Computer and Information Technology},
 series = {CIT '06},
 year = {2006},
 isbn = {0-7695-2687-X},
 pages = {179},
 url = {http://dx.doi.org/10.1109/CIT.2006.100},
 doi = {10.1109/CIT.2006.100},
 acmid = {1169771},
 publisher = {IEEE Computer Society},
 @address = {Washington, DC, USA},
} 

@article{Kallio,
 author = {Kiia Kallio},
 title = {Scanline edge-flag algorithm for antialiasing},
 year = {2007},
 booktitle = {EuroGraphics UK Theory and Practice of Computer Graphics},
}

@article{Direct2D,
  author = {Kenny Kerr},
  year = {2009},
  title = "{Introducing Direct2D}",
  journal = {MSDN Magazine},
  month = {June},
  url = {http://msdn.microsoft.com/en-us/magazine/dd861344.aspx},
}

@misc{OpenVG-Spec,
 author = "{Khronos Group}",
 editor = {Rice. D., Simpson, R.},
 year = {2008},
 title = "{OpenVG} Specification Version 1.1",
 url = {http://www.khronos.org/registry/vg/specs/openvg-1.1.pdf},
}

@misc{NVpr,
 author = {Mark Kilgard},
 year = {2012},
 title = "{\tt NV\_path\_rendering}",
 note = {\\ \urlwofont{http://www.opengl.org/registry/specs/NV/path\_rendering.txt} },
}

@article{4637621,
 author={Daewoong Kim and Kilhyung Cha and Soo-Ik Chae},
 journal={Consumer Electronics, IEEE Transactions on},
 title="A high-performance {OpenVG} accelerator with dual-scanline filling rendering",
 year={2008},
 month={August },
 volume={54},
 number={3},
 pages={1303 -1311},
 keywords={OpenVG rendering;dual-scanline filling rendering;high-performance OpenVG accelerator;memory accesses;memory bandwidth;application program interfaces;rendering (computer graphics);},
 doi={10.1109/TCE.2008.4637621},
 ISSN={0098-3063},
 url={http://ieeexplore.ieee.org/xpl/articleDetails.jsp?arnumber=4637621},
}

@article{KimAhn,
 author = {Kim, Y.S. and Ahn, Y.J.},
 year = {2009},
 title = {Explicit Error Bound for Quadratic Spline Approximation of Cubic Spline},
 journal = {Journal of the Korean Society for Industrial and Applied Mathematics},
 volume={13},
 number={4},
 pages={257--265},
 url={http://mathnet.kaist.ac.kr/mathnet/thesis_file/jksiam-v13n4p257.pdf},
}

@inproceedings{Kokojima:2006:RIR:1179849.1179997,
 author = {Kokojima, Yoshiyuki and Sugita, Kaoru and Saito, Takahiro and Takemoto, Takashi},
 title = {Resolution independent rendering of deformable vector objects using graphics hardware},
 booktitle = {ACM SIGGRAPH 2006 Sketches},
 series = {SIGGRAPH '06},
 year = {2006},
 isbn = {1-59593-364-6},
 location = {Boston, Massachusetts},
 articleno = {118},
 url = {http://doi.acm.org/10.1145/1179849.1179997},
 doi = {10.1145/1179849.1179997},
 acmid = {1179997},
 @publisher = {ACM},
 @address = {New York, NY, USA},
} 

@article{Lane:1983:AFR:357323.357326,
 author = {Lane, Jeffrey M. and Robert Magedson and Michael Rarick},
 title = {An Algorithm for Filling Regions on Graphics Display Devices},
 journal = {ACM Trans. Graph.},
 issue_date = {July 1983},
 volume = {2},
 number = {3},
 month = jul,
 year = {1983},
 issn = {0730-0301},
 pages = {192--196},
 numpages = {5},
 url = {http://doi.acm.org/10.1145/357323.357326},
 doi = {10.1145/357323.357326},
 acmid = {357326},
 @publisher = {ACM},
 @address = {New York, NY, USA},
} 

@inproceedings{Loop:2005:RIC:1186822.1073303,
 author = {Loop, Charles and Blinn, Jim},
 title = {Resolution independent curve rendering using programmable graphics hardware},
 booktitle = {ACM SIGGRAPH 2005 Papers},
 series = {SIGGRAPH '05},
 year = {2005},
 location = {Los Angeles, California},
 pages = {1000--1009},
 numpages = {10},
 url = {http://doi.acm.org/10.1145/1186822.1073303},
 doi = {10.1145/1186822.1073303},
 acmid = {1073303},
 keywords = {curve rendering, graphics hardware algorithms, resolution independence, vector representations},
 @publisher = {ACM},
 @address = {New York, NY, USA},
} 

@inproceedings{Nehab:2008:RRG:1457515.1409088,
 author = {Nehab, Diego and Hoppe, Hugues},
 title = {Random-access rendering of general vector graphics},
 booktitle = {ACM SIGGRAPH Asia 2008 papers},
 series = {SIGGRAPH Asia '08},
 year = {2008},
 location = {Singapore},
 pages = {135:1--135:10},
 articleno = {135},
 numpages = {10},
 url = {http://doi.acm.org/10.1145/1457515.1409088},
 doi = {10.1145/1457515.1409088},
 acmid = {1409088},
 @publisher = {ACM},
 @address = {New York, NY, USA},
} 

@book{RedBook,
 author = {Neider, J. and Davis, Tom and Woo, Mason},
 year = {1993},
 title = "{OpenGL} Programming Guide, \nth{1} edition",
 note = {See "Drawing Filled, Concave Polygons Using the Stencil Buffer", 398--399},
}

@inproceedings{Glitz,
 author = {Nilsson, P. and Reveman, D.},
 year = {2004},
 title = "Glitz: hardware accelerated image compositing using {OpenGL}",
 booktitle = {Proceedings of the FREENIX Track: 2004 USENIX Annual Technical Conference},
 pages = {29--40},
 url={http://static.usenix.org/event/usenix04/tech/freenix/nilsson.html},
}

@inproceedings{Packard:2001:DIX:647054.715760,
 author = {Packard, Keith},
 title = "Design and Implementation of the {X Rendering Extension}",
 booktitle = {Proceedings of the FREENIX Track: 2001 USENIX Annual Technical Conference},
 year = {2001},
 isbn = {1-880446-10-3},
 pages = {213--224},
 numpages = {12},
 url = {http://dl.acm.org/citation.cfm?id=647054.715760},
 acmid = {715760},
 publisher = {USENIX Association},
 @address = {Berkeley, CA, USA},
} 

@unpublished{Rejected,
  author = {Packard, Keith and Worth, Carl},
  year = {2003},
  title = "A realistic {2D} drawing system",
  note = {A rejected {\em SIGGRAPH 2003} paper submission\hspace{1pt}\Frowny},
}

@inproceedings{Porter:1984:CDI:800031.808606,
 author = {Porter, Thomas and Duff, Tom},
 title = {Compositing digital images},
 booktitle = {Proceedings of the \nth{11} annual Conference on Computer Graphics and Interactive Techniques},
 series = {SIGGRAPH '84},
 year = {1984},
 isbn = {0-89791-138-5},
 pages = {253--259},
 numpages = {7},
 url = {http://doi.acm.org/10.1145/800031.808606},
 doi = {10.1145/800031.808606},
 acmid = {808606},
 @publisher = {ACM},
 @address = {New York, NY, USA},
 keywords = {Compositing, Graphics systems, Matte algebra, Matte channel, Visible surface algorithms},
} 

@phdthesis{QinThesis,
 author = {Qin, Z.},
 year = {2009},
 title = {Vector Graphics for Real-time Rendering},
 note = {University of Waterloo},
 url = {http://hdl.handle.net/10012/4262},
}

@article{Rueda:2008:TSG:1411846.1411922,
 author = {Rueda, A. J. and Ruiz de Miras, J. and Feito, F. R.},
 title = "{GPU-based} rendering of curved polygons using simplicial coverings",
 journal = {Computer Graphics},
 issue_date = {October, 2008},
 volume = {32},
 number = {5},
 month = oct,
 year = {2008},
 issn = {0097-8493},
 pages = {581--588},
 numpages = {8},
 url = {http://dx.doi.org/10.1016/j.cag.2008.07.005},
 doi = {10.1016/j.cag.2008.07.005},
 acmid = {1411922},
 publisher = {Pergamon Press, Inc.},
 @address = {Elmsford, NY, USA},
 keywords = {B{\'e}zier curves, GPU programming, Rasterization algorithms},
} 

@inproceedings{Ruf:2011:IBR:2018323.2018346,
 author = {Ruf, Erik},
 title = {An inexpensive bounding representation for offsets of quadratic curves},
 booktitle = {Proceedings of the ACM SIGGRAPH Symposium on High Performance Graphics},
 series = {HPG '11},
 year = {2011},
 isbn = {978-1-4503-0896-0},
 location = {Vancouver, British Columbia, Canada},
 pages = {143--150},
 numpages = {8},
 url = {http://doi.acm.org/10.1145/2018323.2018346},
 doi = {10.1145/2018323.2018346},
 acmid = {2018346},
 @publisher = {ACM},
 @address = {New York, NY, USA},
 keywords = {acceleration, bounding technique, offset curve},
} 

@book{Salmon,
 author = {Salmon, G.},
 year = {1960},
 title = {A Treatise on Conic Sections},
 publisher = {Chelsea New York (reprint)},
 pages = {337},
}

@misc{SVG-Spec,
 author = "{SVG Working Group}",
 year = {2011},
 title = "{Scalable Vector Graphics (SVG) 1.1 (\nth{2} edition)}",
 url = {http://www.w3.org/TR/SVG/},
}

@misc{SVG-Compositing-Spec,
 author = "{SVG Working Group}",
 editor = {Grasso, A.},
 year = {2011},
 title = "{SVG} Compositing Specification",
 note = {W3C working draft March 15, 2011},
 url = {http://www.w3.org/TR/SVGCompositing/},
}

@inproceedings{Warnock:1982:DIG:800064.801297,
 author = {Warnock, John and Wyatt, Douglas K.},
 title = {A device independent graphics imaging model for use with raster devices},
 booktitle = {Proceedings of the \nth{9} Annual Conference on Computer Graphics and Interactive Techniques},
 series = {SIGGRAPH '82},
 year = {1982},
 isbn = {0-89791-076-1},
 location = {Boston, Massachusetts, United States},
 pages = {313--319},
 numpages = {7},
 url = {http://doi.acm.org/10.1145/800064.801297},
 doi = {10.1145/800064.801297},
 acmid = {801297},
 @publisher = {ACM},
 @address = {New York, NY, USA},
} 

@incollection{Canvas-Spec,
 author = "{Whatwg.org}",
 editor = {Hickson, I. (editor)},
 year = {2011},
 chapter = {The canvas element},
 title = {HTML Living Standard},
 url = {http://www.whatwg.org/specs/web-apps/current-work/multipage/the-canvas-element.html},
}

